@misc{demaine_2016, title={YouTube}, url={https://www.youtube.com/watch?v=iTMn0Kt18tg}, journal={YouTube}, publisher={MIT Open Courseware}, author={Demaine, Erik}, year={2016}, month={Mar}}
@misc{brayer, title={Introduction to the Fourier Transformation for Image Processing}, url={https://www.cs.unm.edu/~brayer/vision/fourier.html}, publisher={University of New Mexico}, author={Brayer, John}}
@misc{fisher_perkins_walker_wolfart_2003, title={Fourier Transform}, url={http://homepages.inf.ed.ac.uk/rbf/HIPR2/fourier.htm}, journal={Image Processing Learning Resources}, publisher={University of Edinburgh}, author={Fisher, Robert and Perkins, Simon and Walker, Ashley and Wolfart, Erik}, year={2003}}
@misc{kundur, title={Magnitude and Phase}, url={http://www.comm.utoronto.ca/~dkundur/course_info/signals/notes/Kundur_FourierMagPhase.pdf}, publisher={University of Toronto}, author={Kundur, Deepa}}
@misc{lehar, title={An Intuitive Explanation of Fourier Theory}, url={http://cns-alumni.bu.edu/~slehar/fourier/fourier.html}, publisher={Boston University}, author={Lehar, Steven}}
@misc{ludwig, title={Image Convolution}, url={http://web.pdx.edu/~jduh/courses/Archive/geog481w07/Students/Ludwig_ImageConvolution.pdf}, publisher={Portland State University}, author={Ludwig, Jamie}}
@book{smith_1997, place={San Diego (California)}, title={The scientist and engineer's guide to digital signal processing}, publisher={California Technical Publishing}, author={Smith, Steven W.}, year={1997}}
@inbook{stein_shakarchi_2003, place={Princeton}, title={Chapter 7 Finite Fourier Analysis}, booktitle={Princeton lectures in analysis}, publisher={Princeton Univ. Press}, author={Stein, Elias M. and Shakarchi, Rami}, year={2003}}
